@online{wikipedia-semaphore,
author = "Wikip√©dia",
title = "Semaphore (programming)",
url = "https://en.wikipedia.org/wiki/Semaphore_(programming)"
}

@online{stack,
author=stackoverflow,
title="Difference between binary semaphore and mutex",
url="https://stackoverflow.com/questions/62814/difference-between-binary-semaphore-and-mutex"
}

@online{qt_multithreading,
author=Qt,
title="Multithreading Technologies in Qt",
url="https://doc.qt.io/qt-5/threads-technologies.html"
}